@article{595,
	author	=	{Oleg Trott and Arthur J. Olson},
	title	=	{{AutoDock Vina: Improving the speed and accuracy of docking with a new scoring function, efficient optimization, and multithreading}},
	journal	=	{Journal of Computational Chemistry},
	year	=	{2010},
	volume	=	{31},
	number	=	{2},
	pages	=	{455-461}
}

@inproceedings{1153,
	author	=	{Hongjian Li and Kwong-Sak Leung and Man-Hon Wong},
	title	=	{{idock: A multithreaded virtual screening tool for flexible ligand docking}},
	booktitle=	{2012 IEEE Symposium on Computational Intelligence in Bioinformatics and Computational Biology (CIBCB)},
	year	=	{2012},
	pages	=	{77-84}
}

@inproceedings{1138,
	author	=	{Hongjian Li and Bing Ni and Man-Hon Wong and Kwong-Sak Leung},
	title	=	{{A fast CUDA implementation of agrep algorithm for approximate nucleotide sequence matching}},
	booktitle=	{9th IEEE Symposium on Application Specific Processors (SASP)},
	year	=	{2011},
	pages	=	{74-77}
}

@article{557,
	author	=	{John J. Irwin and Brian K. Shoichet and Michael M. Mysinger and Niu Huang and Francesco Colizzi and Pascal Wassam and Yiqun Cao},
	title	=	{{Automated Docking Screens: A Feasibility Study}},
	journal	=	{Journal of Medicinal Chemistry},
	year	=	{2009},
	volume	=	{52},
	number	=	{18},
	pages	=	{5712-5720}
}

@article{532,
	author	=	{John J. Irwin and Brian K. Shoichet},
	title	=	{{ZINC - A Free Database of Commercially Available Compounds for Virtual Screening}},
	journal	=	{Journal of Chemical Information and Modeling},
	year	=	{2005},
	volume	=	{45},
	number	=	{1},
	pages	=	{177-182}
}

@article{1178,
	author	=	{John J. Irwin and Teague Sterling and Michael M. Mysinger and Erin S. Bolstad and Ryan G. Coleman},
	title	=	{{ZINC: A Free Tool to Discover Chemistry for Biology}},
	journal	=	{Journal of Chemical Information and Modeling},
	year	=	{2012},
	volume	=	{52},
	number	=	{7},
	pages	=	{1757-1768}
}

